<record><leader>00000cas a22000007a 4500</leader><controlfield tag="001">12593099</controlfield><controlfield tag="008">850924d19691975njuwr ne      0    0eng d</controlfield><datafield ind1=" " ind2=" " tag="010"><subfield code="a">sn 85036047 </subfield></datafield><datafield ind1=" " ind2=" " tag="040"><subfield code="a">NPA</subfield><subfield code="b">eng</subfield><subfield code="c">NPA</subfield><subfield code="d">DLC</subfield><subfield code="d">NJW</subfield><subfield code="d">DLC</subfield><subfield code="d">OCLCQ</subfield></datafield><datafield ind1=" " ind2=" " tag="042"><subfield code="a">msc</subfield></datafield><datafield ind1="0" ind2=" " tag="130"><subfield code="a">Item (Millburn, N.J.)</subfield></datafield><datafield ind1="1" ind2="4" tag="245"><subfield code="a">The item.</subfield></datafield><datafield ind1="1" ind2="3" tag="246"><subfield code="a">Item of Millburn and Short Hills</subfield></datafield><datafield ind1=" " ind2=" " tag="260"><subfield code="a">Millburn, N.J. :</subfield><subfield code="b">Item Pub. Co.,</subfield><subfield code="c">-1975.</subfield></datafield><datafield ind1=" " ind2=" " tag="300"><subfield code="a">v. :</subfield><subfield code="b">ill. ;</subfield><subfield code="c">58 cm.</subfield></datafield><datafield ind1=" " ind2=" " tag="310"><subfield code="a">Weekly</subfield></datafield><datafield ind1="1" ind2=" " tag="362"><subfield code="a">Began with Mar. 20, 1969 issue.</subfield></datafield><datafield ind1="0" ind2=" " tag="362"><subfield code="a">-v. 86, no. 51 (Dec. 24, 1975).</subfield></datafield><datafield ind1=" " ind2=" " tag="500"><subfield code="a">Title in publisher's statement: Item of Millburn and Short Hills.</subfield></datafield><datafield ind1=" " ind2=" " tag="530"><subfield code="a">Also issued on microfilm by Norton Micro Images.</subfield></datafield><datafield ind1=" " ind2=" " tag="588"><subfield code="a">Description based on: Vol. 84, no. 3 (Jan. 20, 1972).</subfield></datafield><datafield ind1=" " ind2=" " tag="752"><subfield code="a">United States</subfield><subfield code="b">New Jersey</subfield><subfield code="c">Essex</subfield><subfield code="d">Millburn.</subfield></datafield><datafield ind1=" " ind2=" " tag="752"><subfield code="a">United States</subfield><subfield code="b">New Jersey</subfield><subfield code="c">Essex</subfield><subfield code="d">Short Hills.</subfield></datafield><datafield ind1="0" ind2="0" tag="780"><subfield code="t">Millburn-Short Hills item</subfield><subfield code="w">(DLC)sn 85035850</subfield><subfield code="w">(OCoLC)13039635</subfield></datafield><datafield ind1="0" ind2="0" tag="785"><subfield code="t">Item of Millburn and Short Hills</subfield><subfield code="w">(DLC)sn 85036048</subfield><subfield code="w">(OCoLC)12593151</subfield></datafield></record>